2459 4417
577 595 860 675 Versum
917 594 1100 695 supra
1141 599 1437 671 citatum:
1537 600 1671 673 Dic
1700 601 1995 689 patrium

343 738 588 789 momen
610 722 944 793 Ebrardus
987 720 1357 821 Bituniarfis
1384 744 1847 795 commentator
1879 723 1995 791 hac

343 836 566 930 .gloffa
589 839 846 913 illustrat
865 870 880 916 z
900 840 1262 914 ’'Ebrardus
1288 846 1495 921 editor
1516 839 1837 940 ptaestntis
1850 836 1998 915 libri

367 952 494 1031 fuit
520 956 898 1059 Hispanicus
929 962 1297 1037 Bitunienfis
1324 965 1388 1037 ὅτ
1413 966 1491 1037 de
1519 968 1765 1049 Bitunia
1780 965 1998 1033 oriun-

369 1080 510 1155 dius
529 1085 592 1169 3''
641 1087 708 1157 in
738 1109 866 1179 qvo
891 1085 1154 1164 labitur,
1203 1110 1321 1157 nec
1336 1088 1513 1157 enim
1532 1084 1999 1159 cratEbrardus

364 1204 622 1275 natione
665 1201 1021 1303 Hispanus,
1044 1204 1152 1279 ied
1197 1204 1469 1281 Artefius
1487 1230 1587 1288 ‚ut
1624 1203 1809 1303 supra
1838 1192 1999 1277 indiss

367 1344 598 1397 catum.
1801 1396 1809 1403 ,

563 1444 933 1519 Gnaecistam
995 1447 1317 1544 qvondam
1350 1457 1357 1465 '
1388 1449 1457 1517 in
1528 1471 1769 1541 magno
1812 1440 1997 1517 fuiffe

341 1567 572 1663 pretio
597 1566 850 1641 constat.
923 1582 932 1590 ’
960 1569 1423 1660 Praelegebatur
1446 1568 1649 1643 adhuc
1666 1568 1889 1645 Seculo
1908 1567 1998 1637 od

367 1684 566 1759 finem
592 1711 894 1779 vergente
922 1694 1048 1760 XV
1081 1696 1471 1770 Daventriae‘,
1526 1690 1637 1761 ubi
1668 1715 1799 1764 erat
1818 1691 1999 1763 ludus

361 1808 676 1881 literatius
715 1834 862 1885 tunc
894 1814 1204 1910 temporis
1250 1812 1719 1885 celeberrimus-
1811 1818 1999 1884 Eras-

363 1957 510 2005 mus
555 1934 1019 2011 Roterodamus
1045 1983 1064 2015 ‚
1166 1937 1273 2030 qvi
1310 1935 1491 2005 illum
1526 1935 1616 2009 ibi
1652 1931 1959 2009 ediscebat
1979 1983 2000 2016 ,

363 2056 434 2125 in
455 2046 721 2149 'epistola
733 2058 1121 2151 p'araenetica,
1141 2052 1327 2154 supra
1341 2082 1415 2128 ex
1430 2055 1749 2129 occasione
1764 2058 2003 2127 Gram-

367 2176 612 2247 maticae
685 2176 1051 2251 Palladianae
1123 2197 1511 2275 memorata,
1564 2174 1999 2247 Christianum

366 2293 803 2367 Lubecenscm
835 2297 1160 2375 hortatur,
1228 2316 1296 2368 ut
1322 2296 1711 2377 Ebrardum,
1763 2296 2001 2366 Catho-

373 2415 545 2487 licon
557 2446 596 2497 ‚·
642 2416 1129 2507 Brachilogum,
1183 2438 1573 2512 coeterosqve
1598 2417 1667 2487 id
1700 2441 1899 2509 genus
1924 2420 2003 2489 iis
2055 2484 2061 2488 .

343 2539 682 2635 ,relinqvat
715 2588 736 2620 ,
816 2565 978 2637 qvos
1022 2537 1379 2611 barbariem
1430 2537 1745 2611 immenso
1788 2540 2003 2611 labore

367 2658 608 2737 discere
629 2663 822 2759 juvat.
871 2656 1012 2735 cfr.
1060 2661 1537 2761 Compendium
1568 2662 1731 2735 Vitae
1753 2662 2007 2734 Erasmi

367 2781 700 2882 praefixum
748 2791 818 2859 T
822 2810 952 2861 om.
1001 2788 1053 2853 1.
1101 2788 1303 2880 Opcr.
1360 2784 1524 2864 Edit.
1570 2787 1713 2855 Van
1742 2781 1857 2855 der
1884 2787 2001 2859 Aa.

370 2908 736 2979 Graecistam
779 2920 1040 3004 qvoqve
1082 2910 1220 2979 Rex
1246 2904 1707 2979 Christianusl
1762 2908 1860 2979 cit.
1892 2901 2005 2979 suo
2116 2908 2119 2917 '

365 3025 764 3127 perseqvitur
791 3030 1209 3111 anathemate,
1278 3027 1342 3099 ὅ(
1372 3025 1801 3103 Christiernus
1833 3031 2005 3101 Petri

351 3152 660 3246 qveritur
671 3157 736 3224 in
749 3150 895 3223 libri
908 3145 1002 3221 sui
1013 3145 1175 3223 folio
1181 3176 1239 3247 g
1255 3149 1580 3243 1,majores
1592 3146 1838 3219 nostros
1850 3145 2007 3223 olim

349 3272 722 3351 ‚inlibrariis
742 3270 862 3345 suis
876 3268 1236 3365 congessxffe
1261 3270 1529 3343 Codices
1542 3269 1866 3344 inutiles&
1899 3265 2007 3351 fu-

354 3393 530 3487 ⁸tilotts,
564 3395 942 3469 Catholicon
986 3416 1224 3491 nempe
1243 3442 1264 3475 ,
1316 3390 1652 3467 Floristam
1667 3440 1687 3476 ,
1768 3389 2007 3463 Groecae‘-

1159 3518 1214 3587 C
1274 3536 1309 3609 5
1798 3512 1967 3607 stam
1978 3558 2001 3595 ‚
